<?xml version="1.0" encoding="UTF-8"?><collection xmlns="http://www.loc.gov/MARC21/slim"><record><leader>00543nam--2200181-i-4500</leader><controlfield tag="001">000017653</controlfield><controlfield tag="002">20161230</controlfield><controlfield tag="005">20161230201032</controlfield><controlfield tag="008">060222s1000------------r-----000-0-eng-d</controlfield><datafield ind1=" " ind2=" " tag="040"><subfield code="a">IFIN-HH</subfield></datafield><datafield ind1=" " ind2=" " tag="080"><subfield code="a">53</subfield></datafield><datafield ind1="1" ind2=" " tag="100"><subfield code="a">Alonso, Marcelo</subfield></datafield><datafield ind1="1" ind2="0" tag="245"><subfield code="a">Fundamental university physics. vol. iii. quantum and statistical physics</subfield><subfield code="c">Marcelo alonso, edward j. finn</subfield></datafield><datafield ind1=" " ind2=" " tag="260"><subfield code="a">Reading, Massachusetts</subfield><subfield code="b">Addison-wesley Publ.,Co</subfield><subfield code="c">1968</subfield></datafield><datafield ind1=" " ind2=" " tag="300"><subfield code="a">IX +598 P.(III)</subfield></datafield><datafield ind1="1" ind2=" " tag="700"><subfield code="a">Finn, Edward J</subfield></datafield><datafield ind1=" " ind2=" " tag="852"><subfield code="a">27737</subfield><subfield code="c">53</subfield></datafield><datafield ind1=" " ind2=" " tag="CAT"><subfield code="a">Sys</subfield><subfield code="c">20150219</subfield><subfield code="h">123537</subfield></datafield></record></collection>